<?xml version="1.0" encoding="UTF-8"?><collection xmlns="http://www.loc.gov/MARC21/slim"><record><leader>00632nam--2200193-i-4500</leader><controlfield tag="001">000021195</controlfield><controlfield tag="002">20161230</controlfield><controlfield tag="005">20170206123334</controlfield><controlfield tag="008">060222s1000------------r-----000-0-eng-d</controlfield><datafield ind1=" " ind2=" " tag="040"><subfield code="a">IFIN-HH</subfield></datafield><datafield ind1=" " ind2=" " tag="080"><subfield code="a">535.14:539.122:539.124</subfield></datafield><datafield ind1="1" ind2=" " tag="100"><subfield code="a">Jauch, J.M</subfield></datafield><datafield ind1="1" ind2="0" tag="245"><subfield code="a">The Theory of Photons and Electrons. The Relativistic Quantum Field Theory of Charged Particles with Spin One-half</subfield><subfield code="c">J.M. Jauch, F. Rohrlich</subfield></datafield><datafield ind1=" " ind2=" " tag="260"><subfield code="a">Cambridge, Mass</subfield><subfield code="b">Addison-Wesley</subfield><subfield code="c">1955</subfield></datafield><datafield ind1=" " ind2=" " tag="300"><subfield code="a">xiv + 488p. with figures</subfield></datafield><datafield ind1=" " ind2=" " tag="490"><subfield code="a">Addison-Wesley Physics Books</subfield></datafield><datafield ind1="1" ind2=" " tag="700"><subfield code="a">Rohrlich, F</subfield></datafield><datafield ind1=" " ind2=" " tag="852"><subfield code="a">11855</subfield><subfield code="c">530.145</subfield></datafield><datafield ind1=" " ind2=" " tag="CAT"><subfield code="a">SYS</subfield><subfield code="c">20170206</subfield><subfield code="h">123334</subfield></datafield></record></collection>